@article{devroye.morin:note,
  author    = {Luc Devroye and
               Pat Morin},
  title     = {A note on interference in random networks},
  journal   = {Comput. Geom.},
  volume    = {67},
  pages     = {2--10},
  year      = {2018},
  url       = {https://doi.org/10.1016/j.comgeo.2017.10.006},
  doi       = {10.1016/j.comgeo.2017.10.006},
  timestamp = {Mon, 27 Nov 2017 18:06:04 +0100},
  biburl    = {https://dblp.org/rec/bib/journals/comgeo/DevroyeM18},
  bibsource = {dblp computer science bibliography, https://dblp.org}
}
